<?xml version="1.0" encoding="UTF-8"?><record xmlns="http://www.loc.gov/MARC21/slim" xmlns:cinclude="http://apache.org/cocoon/include/1.0" xmlns:zs="http://www.loc.gov/zing/srw/">
  <leader>00341nz  a2200133n  4500</leader>
  <controlfield tag="001">no 97038390 </controlfield>
  <controlfield tag="003">DLC</controlfield>
  <controlfield tag="005">19970625052203.7</controlfield>
  <controlfield tag="008">970624n| acannaab|          |n aaa     c</controlfield>
  <datafield tag="010" ind1=" " ind2=" ">
    <subfield code="a">no 97038390 </subfield>
  </datafield>
  <datafield tag="035" ind1=" " ind2=" ">
    <subfield code="a">(OCoLC)oca04372112 </subfield>
  </datafield>
  <datafield tag="040" ind1=" " ind2=" ">
    <subfield code="a">RPB</subfield>
    <subfield code="c">RPB</subfield>
  </datafield>
  <datafield tag="100" ind1="1" ind2="0">
    <subfield code="a">Valpolini, Paolo</subfield>
  </datafield>
  <datafield tag="670" ind1=" " ind2=" ">
    <subfield code="a">Neve assassina, c1989:</subfield>
    <subfield code="b">t.p. verso (Paolo Valpolini)</subfield>
  </datafield>
</record>